<?xml version="1.0" encoding="UTF-8"?><record xmlns="http://www.loc.gov/MARC21/slim" xmlns:cinclude="http://apache.org/cocoon/include/1.0" xmlns:zs="http://www.loc.gov/zing/srw/">
  <leader>00824cz  a2200229n  4500</leader>
  <controlfield tag="001">no2003021145</controlfield>
  <controlfield tag="003">DLC</controlfield>
  <controlfield tag="005">20080910082231.0</controlfield>
  <controlfield tag="008">030305n| acannaabn          |b aaa     c</controlfield>
  <datafield tag="010" ind1=" " ind2=" ">
    <subfield code="a">no2003021145</subfield>
  </datafield>
  <datafield tag="035" ind1=" " ind2=" ">
    <subfield code="a">(OCoLC)oca05988419</subfield>
  </datafield>
  <datafield tag="040" ind1=" " ind2=" ">
    <subfield code="a">CU-HE</subfield>
    <subfield code="b">eng</subfield>
    <subfield code="c">CU-HE</subfield>
    <subfield code="d">OCoLC</subfield>
  </datafield>
  <datafield tag="100" ind1="1" ind2=" ">
    <subfield code="a">Apenszlak, Pola</subfield>
  </datafield>
  <datafield tag="400" ind1="1" ind2=" ">
    <subfield code="a">Apenshlaḳ, Pola</subfield>
  </datafield>
  <datafield tag="400" ind1="1" ind2=" ">
    <subfield code="a">Apenszlak, Paulina</subfield>
  </datafield>
  <datafield tag="400" ind1="1" ind2=" ">
    <subfield code="a">Apenszlak, Pauline</subfield>
  </datafield>
  <datafield tag="400" ind1="1" ind2=" ">
    <subfield code="a">Apenshlaḳ, Paʼulinah</subfield>
  </datafield>
  <datafield tag="400" ind1="1" ind2=" ">
    <subfield code="a">אפענשלאק, פאָלא</subfield>
  </datafield>
  <datafield tag="667" ind1=" " ind2=" ">
    <subfield code="a">Machine-derived non-Latin script reference project.</subfield>
  </datafield>
  <datafield tag="667" ind1=" " ind2=" ">
    <subfield code="a">Non-Latin script reference not evaluated.</subfield>
  </datafield>
  <datafield tag="670" ind1=" " ind2=" ">
    <subfield code="a">Yanush Ḳorṭshaḳ, 1961:</subfield>
    <subfield code="b">t.p. (Pola Apenshlaḳ) added t.p. (Pola Apenszlak [in rom.])</subfield>
  </datafield>
  <datafield tag="670" ind1=" " ind2=" ">
    <subfield code="a">OCLC, Feb. 25, 2003</subfield>
    <subfield code="b">(hdg.: Apenszlak, Pauline; Apenszlak, Paulina; usage: Paʼulinah Apenshlaḳ)</subfield>
  </datafield>
</record>